<record><leader>00000cas a22000007a 4500</leader><controlfield tag="001">20785463</controlfield><controlfield tag="008">891214d18681872lauwr ne      0    0eng d</controlfield><datafield ind1=" " ind2=" " tag="010"><subfield code="a">sn 89059462 </subfield></datafield><datafield ind1=" " ind2=" " tag="040"><subfield code="a">LNP</subfield><subfield code="b">eng</subfield><subfield code="c">LNP</subfield><subfield code="d">MGN</subfield><subfield code="d">LNP</subfield><subfield code="d">OCLCQ</subfield><subfield code="d">OCLCF</subfield><subfield code="d">OCLCO</subfield><subfield code="d">DLC</subfield></datafield><datafield ind1=" " ind2=" " tag="042"><subfield code="a">msc</subfield></datafield><datafield ind1=" " ind2=" " tag="043"><subfield code="a">n-us-la</subfield></datafield><datafield ind1="0" ind2=" " tag="130"><subfield code="a">Feliciana Republican (Saint Francisville, La.)</subfield></datafield><datafield ind1="1" ind2="0" tag="245"><subfield code="a">Feliciana Republican.</subfield></datafield><datafield ind1=" " ind2=" " tag="260"><subfield code="a">St. Francisville, La. :</subfield><subfield code="b">J.P. Newsham</subfield></datafield><datafield ind1=" " ind2=" " tag="300"><subfield code="a">v.</subfield></datafield><datafield ind1=" " ind2=" " tag="310"><subfield code="a">Weekly</subfield></datafield><datafield ind1="1" ind2=" " tag="362"><subfield code="a">Began Sept. 26, 1868?</subfield></datafield><datafield ind1="0" ind2=" " tag="362"><subfield code="a">-v. 4, no. 23 (Mar. 2, 1872).</subfield></datafield><datafield ind1=" " ind2=" " tag="588"><subfield code="a">Description based on: Vol. 1, no. 2 (Oct. 3rd, 1868).</subfield></datafield><datafield ind1=" " ind2="0" tag="651"><subfield code="a">Saint Francisville (La.)</subfield><subfield code="v">Newspapers.</subfield></datafield><datafield ind1=" " ind2="7" tag="651"><subfield code="a">Louisiana</subfield><subfield code="z">Saint Francisville.</subfield><subfield code="2">fast</subfield><subfield code="0">(OCoLC)fst01308187</subfield></datafield><datafield ind1=" " ind2="7" tag="655"><subfield code="a">Newspapers.</subfield><subfield code="2">fast</subfield><subfield code="0">(OCoLC)fst01423814</subfield></datafield><datafield ind1=" " ind2=" " tag="752"><subfield code="a">United States</subfield><subfield code="b">Louisiana</subfield><subfield code="c">West Feliciana</subfield><subfield code="d">Saint Francisville.</subfield></datafield><datafield ind1="0" ind2="0" tag="785"><subfield code="t">Semi-weekly Republican (Saint Francisville, La.)</subfield><subfield code="x">2377-9225</subfield><subfield code="w">(DLC)sn 89059463</subfield><subfield code="w">(OCoLC)20785456</subfield></datafield><datafield ind1="1" ind2=" " tag="029"><subfield code="a">AU@</subfield><subfield code="b">000020591732</subfield></datafield></record>